@book{lewis1969convention,
  title={Convention: A Philosophical Study},
  author={Lewis, David K.},
  year={1969},
  publisher={Harvard University Press}
}

@article{sillari2005general,
  title={A General Framework for Modeling Common Knowledge Logic},
  author={Sillari, Giacomo},
  journal={Logic and the Foundations of Game and Decision Theory},
  pages={206--228},
  year={2005}
}

@article{sillari2008quantified,
  title={Quantified Logic of Awareness and Impossible Possible Worlds},
  author={Sillari, Giacomo},
  journal={Review of Symbolic Logic},
  volume={1},
  number={4},
  pages={514--529},
  year={2008}
}

@article{cubitt2003common,
  title={Common Knowledge, Salience and Convention: A Reconstruction of David Lewis' Game Theory},
  author={Cubitt, Robin P. and Sugden, Robert},
  journal={Economics and Philosophy},
  volume={19},
  number={2},
  pages={175--210},
  year={2003}
}

@article{artemov2008justification,
  title={The Logic of Justification},
  author={Artemov, Sergei N.},
  journal={The Review of Symbolic Logic},
  volume={1},
  number={4},
  pages={477--513},
  year={2008}
}

@inproceedings{moura2015lean,
  title={The Lean Theorem Prover},
  author={de Moura, Leonardo and Kong, Soonho and Avigad, Jeremy and van Doorn, Floris and von Raumer, Jakob},
  booktitle={International Conference on Automated Deduction},
  pages={378--388},
  year={2015}
}

@article{aumann1976agreeing,
  title={Agreeing to Disagree},
  author={Aumann, Robert J.},
  journal={The Annals of Statistics},
  volume={4},
  number={6},
  pages={1236--1239},
  year={1976}
}

@book{fagin1995reasoning,
  title={Reasoning About Knowledge},
  author={Fagin, Ronald and Halpern, Joseph Y. and Moses, Yoram and Vardi, Moshe Y.},
  year={1995},
  publisher={MIT Press}
}
